@ARTICLE{Anderson91,
  author = {Anderson, J. R.},
  title = {The adaptive nature of human categorization},
  journal = {Psychological Review},
  year = {1991},
  volume = {98},
  pages = {409--429}
}

@ARTICLE{Nosofsky86,
  author = {Robert M. Nosofsky},
  title = {Attention, similarity, and the identification-categorization relationship.},
  journal = {Journal of Experimental Psychology: General},
  year = {1986},
  volume = {115},
  pages = {39--61}
}

@INCOLLECTION{Rescorla72,
  author = {R. A. Rescorla and A. R. Wagner},
  title = {A theory of {P}avlovian conditioning: Variations in the effectiveness
	of reinforcement and nonreinforcement},
  booktitle = {Classical conditioning {II}: Current research and theory},
  publisher = {Appleton-Century-Cross},
  year = {1972},
  editor = {A. H. Black and W. F. Prokasy},
  pages = {64--99},
  address = {New York},
}

@BOOK{Bishop95,
  title = {Neural networks for pattern recognition},
  publisher = {Oxford University Press},
  year = {1995},
  author = {Christopher M. Bishop},
  address = {Oxford, UK}
}

@ARTICLE{Kruschke92,
  author = {John K. Kruschke},
  title = {A{LCOVE}: an exemplar-based connectionist model of category learning.},
  journal = {Psychological Review},
  year = {1992},
  volume = {99},
  pages = {22--44}
}

@ARTICLE{Gluck88,
  author = {Mark A. Gluck and Gordon H. Bower},
  title = {From conditioning to category learning: An adaptive network model},
  journal = {Journal of Experimental Psychology: General},
  year = {1988},
  volume = {117}
}